<?xml version="1.0" encoding="UTF-8"?><collection><record><leader>07574ntm a2200601 a 4500</leader><controlfield tag="001">006079766</controlfield><controlfield tag="003">MiAaHDL</controlfield><controlfield tag="005">20190719000000.0</controlfield><controlfield tag="006">m        d        </controlfield><controlfield tag="007">cr bn ---auaua</controlfield><controlfield tag="008">090413s1610    xx            00| ||ara d</controlfield><datafield tag="035" ind1=" " ind2=" "><subfield code="a">(MiU)006079766</subfield></datafield><datafield tag="035" ind1=" " ind2=" "><subfield code="a">sdr-miu006079766</subfield></datafield><datafield tag="040" ind1=" " ind2=" "><subfield code="a">MiU</subfield><subfield code="c">MiU</subfield><subfield code="e">amremm</subfield></datafield><datafield tag="043" ind1=" " ind2=" "><subfield code="a">n-us-mi</subfield></datafield><datafield tag="100" ind1="1" ind2=" "><subfield code="6">880-01</subfield><subfield code="a">Ibn al-Shiḥnah, Ibrāhīm ibn Muḥammad,</subfield><subfield code="d">-1477 or 1478.</subfield></datafield><datafield tag="240" ind1="1" ind2="0"><subfield code="6">880-02</subfield><subfield code="a">Lisan al-ḥukkām fī maʻrifat al-aḥkām</subfield></datafield><datafield tag="245" ind1="1" ind2="0"><subfield code="6">880-03</subfield><subfield code="a">Kitāb Lisān al-ḥukkām al-muʻtabar bayna al-anām,</subfield><subfield code="f">[1019, i.e. 1610].</subfield></datafield><datafield tag="246" ind1="3" ind2=" "><subfield code="i">Edge title (head):</subfield><subfield code="a">لسان الحكام</subfield></datafield><datafield tag="260" ind1=" " ind2=" "><subfield code="c">[1610].</subfield></datafield><datafield tag="300" ind1=" " ind2=" "><subfield code="a">191 leaves :</subfield><subfield code="b">paper ;</subfield><subfield code="c">205 x 130 (159 x 69) mm. bound to 205 x 132 mm.</subfield></datafield><datafield tag="500" ind1=" " ind2=" "><subfield code="a">Shelfmark: Ann Arbor, University of Michigan, Special Collections Library, Isl. Ms. 66</subfield></datafield><datafield tag="500" ind1=" " ind2=" "><subfield code="a">Origin: As appears in colophon on p.375, copied by Pīr Muḥammad ibn ʻAlī al-Kalībūlī (Pir Mehmet b. Ali el-Gelibolî / Gelibolulu). Transcription completed ("waqaʻa al-farāgh min taḥrīr hādhā al-kitāb...") toward the end of Ramaḍān 1019 [December 1610].</subfield></datafield><datafield tag="500" ind1=" " ind2=" "><subfield code="a">Former shelfmark: British Museum, London "No. 43. Lisan al-hukkam." ; on tail edge of textblock "١٠٧".</subfield></datafield><datafield tag="500" ind1=" " ind2=" "><subfield code="a">Binding: Pasteboards faced in block-printed decorated paper over marbled paper, with spine in red leather ; Type III binding (without flap, though may have had flap prior to installation on this textblock) ; board linings in laid paper ; sewn in gray thread, mainly two stations, occasionally four ; primaries in yellow ; chevron endbands in red and yellow, fair condition ; in poor condition with much abrasion, lifting of paper and leather, delaminating of boards, minor pest damage, etc.</subfield></datafield><datafield tag="500" ind1=" " ind2=" "><subfield code="a">Support: European laid paper of several types ; mainly with 7 laid lines per cm. (vertical) and chain lines spaced 26-28 mm. apart (horizontal), anchor in circle watermark (compare Heawood 2), burnished and fairly thick ; back flyleaves in thinner laid paper with crossbow in circle (trefoil above) watermark ; much staining.</subfield></datafield><datafield tag="500" ind1=" " ind2=" "><subfield code="a">Decoration: Section headings, notabilia (side-heads) and 'two teeth stroke' ligature rubricated ; occasional textual divders in the form of inverted commas and overlining in red.</subfield></datafield><datafield tag="500" ind1=" " ind2=" "><subfield code="a">Script: Naskh ; elegant Ottoman hand ; virtually serifless, though occasional head-serif appears ; many closed counters ; effect of tilt to the left (more pronounced in some sections).</subfield></datafield><datafield tag="500" ind1=" " ind2=" "><subfield code="a">Layout: Written in 21 lines per page ; frame-ruled.</subfield></datafield><datafield tag="500" ind1=" " ind2=" "><subfield code="a">Collation: i, V+1 (11), 18 V(191), iv ; chiefly quinions ; catchwords present ; foliation in black ink, Hindu-Arabic numerals (begins with ٢ on page facing incipit page, mistakenly repeats ١٢١ twice) ; pagination in pencil, Western numerals (supplied during digitization, includes flyleaves and mistakenly skips two pages each between pp.155-156, pp.201-202, pp.299-300, and pp.335-336).</subfield></datafield><datafield tag="500" ind1=" " ind2=" "><subfield code="a">Colophon: "Scribal," rectangular, reads: "وقع الفراغ من تحرير هذا الكتاب في اواخر شهر رمضان المبارك من شهور سنة تسع عشرة والف من الهجرة المحمدية عليه افضل الصلوة والتحية على يد كاتبه الفقير پير محمد بن علي الكليبولي غفر الله له ولوالديه ولاستاذه ولمن طالع فيه ودعا لكاتبه بالمغفرة ولجميع المؤمنين اجمعين برحمتك يا ارحم الراحمين"</subfield></datafield><datafield tag="500" ind1=" " ind2=" "><subfield code="a">Explicit: " وطلب كافر من مسلم ان يعلمه القرآن والفقه فلا بأس به رجاء ان يطلع على محاسنه فيسلم كذا ذكر في التحفة والله الموفق الى سبيل الرشاد"</subfield></datafield><datafield tag="500" ind1=" " ind2=" "><subfield code="a">Incipit: "الحمد لله العادل في حكمه القاضي بين عباده بعلمه احمده على ما حكم وقضى واشكره على ما ابرم وامضى ... وبعد فلما ابتليت بالقضاء وجرى الاحكم ومضى احببت ان اجمع مختصرا في الاحكام منتخبا من كتب سادتنا العلماء الاعلام ... ليكون عونا للحكام على فصل القضايا والاحكام ورتبته على ثلاثين فصلا ..."</subfield></datafield><datafield tag="500" ind1=" " ind2=" "><subfield code="a">Title from inscription on 'title page' (p.5).</subfield></datafield><datafield tag="500" ind1=" " ind2=" "><subfield code="a">Ms. codex.</subfield></datafield><datafield tag="510" ind1="4" ind2=" "><subfield code="a">Brockelmann, C. GAL,</subfield><subfield code="c">S II, 720</subfield></datafield><datafield tag="510" ind1="4" ind2=" "><subfield code="a">Brockelmann, C. GAL,</subfield><subfield code="c">II, 97 ; SII 115</subfield></datafield><datafield tag="520" ind1="8" ind2=" "><subfield code="a">Neat copy of the first part of this legal treatise (through chapter 21, Faṣl fī al-karāhīyah) completed by the author before his death. Table of contents included (see pp.3-4).</subfield></datafield><datafield tag="538" ind1=" " ind2=" "><subfield code="a">Mode of access: Internet.</subfield></datafield><datafield tag="541" ind1=" " ind2=" "><subfield code="c">Purchase ;</subfield><subfield code="a">Acquired by purchase along with Abdul Hamid Collection (funds donated by Horace Rackham).</subfield><subfield code="d">1924.</subfield></datafield><datafield tag="546" ind1=" " ind2=" "><subfield code="a">Arabic.</subfield></datafield><datafield tag="561" ind1=" " ind2=" "><subfield code="a">Bookplate of British Museum, London on verso of front flyleaf, "British Museum, London. No. 43. Lisan al-hukkam." ; circular seal impression with figure of goat/gazelle in purple ink as well as inscription "340" in Western numerals on recto of front flyleaf ; circular waqf-seal impression in black ink appears on 'title page' (p.5) and several places throughout, reads: "هذا وقف الراجي فيض الصمدي الشيخ احمد ضيا الدين ابن مصطفى الخالدي فمن بدله بعد ما سمعه فانما اثمه على الذين يبدلونه" in name of Aḥmad Ḍiyāʼ al-Dīn ibn Muṣṭafá al-Khālidī (i.e. Ahmed Ziyâüddîn Gümüşhanevî, d. 1893 or 4) ; several ownership statements on 'title page' (p.5) including statement in the name of the Egyptian poet Ismāʻīl al-Khashshāb "في نوبة العبد الفقير اليه عز شانه اسماعيل بن سعد بن اسماعيل ابن مذكور بن بكر بن عبيد الله الوهبي الحسيني ... المعروف بالخشاب عفي عنه" accompanied by circular seal impression, as well as "ساقه التقدير الى ملك العبد الفقير الى عفو ربه القدير محمد الشهير بقانصوه امير اللوا بمصر المحروسة عفي عنه" in name of Muḥammad known as Qānṣūh (contribution to the cataloguing from Boris Liebrenz), amīr al-liwā in Egypt, and "ثم ساقه التقديم الى ملك الفقير الى ربه القدير الحاج احمد الشهير بخواجه زاده غفر لهما امين" in the name of one Hocazade Ahmet (Aḥmad, al-shahīr bi-Khawājahʻzādah) ; notabilia (side-heads) appear throughout ; occasional marginal corrections and glosses.</subfield></datafield><datafield tag="650" ind1=" " ind2="0"><subfield code="a">Manuscripts, Arabic</subfield><subfield code="z">Michigan</subfield><subfield code="z">Ann Arbor.</subfield></datafield><datafield tag="650" ind1=" " ind2="0"><subfield code="a">Islamic law</subfield><subfield code="v">Early works to 1800.</subfield></datafield><datafield tag="650" ind1=" " ind2="0"><subfield code="a">Hanafites</subfield><subfield code="v">Early works to 1800.</subfield></datafield><datafield tag="700" ind1="1" ind2=" "><subfield code="6">880-07</subfield><subfield code="a">Khashshāb, Ismāʻīl ibn Saʻd,</subfield><subfield code="d">-1815.</subfield><subfield code="e">former owner.</subfield></datafield><datafield tag="700" ind1="0" ind2=" "><subfield code="6">880-05</subfield><subfield code="a">Pīr Muḥammad ibn ʻAlī al-Kalībūlī,</subfield><subfield code="d">fl. 1610,</subfield><subfield code="e">scribe.</subfield></datafield><datafield tag="773" ind1="0" ind2=" "><subfield code="a">Tiflis Collection.</subfield></datafield><datafield tag="880" ind1="1" ind2=" "><subfield code="6">700-07/</subfield><subfield code="a">خشاب، اسماعيل بن سعد،</subfield><subfield code="e">مالك سابق.</subfield></datafield><datafield tag="880" ind1="0" ind2=" "><subfield code="6">700-05/</subfield><subfield code="a">پير محمد بن علي الكليبولي،</subfield><subfield code="e">ناسخ.</subfield></datafield><datafield tag="880" ind1="1" ind2="0"><subfield code="6">245-03/</subfield><subfield code="a">كتاب لسان الحكام المعتبر بين الانام,</subfield><subfield code="f">[1019ه، 1610م].</subfield></datafield><datafield tag="880" ind1="1" ind2="0"><subfield code="6">240-02/</subfield><subfield code="a">لسان الحكام في معرفة الأحكام</subfield></datafield><datafield tag="880" ind1="1" ind2=" "><subfield code="6">100-01/</subfield><subfield code="a">ابن الشحنة، حسين بن محمد.</subfield></datafield><datafield tag="CID" ind1=" " ind2=" "><subfield code="a">006079766</subfield></datafield><datafield tag="DAT" ind1="0" ind2=" "><subfield code="a">20190719102634.0</subfield><subfield code="b">20190719000000.0</subfield></datafield><datafield tag="DAT" ind1="1" ind2=" "><subfield code="a">20190719090653.0</subfield><subfield code="b">2019-07-19T16:11:13Z</subfield></datafield><datafield tag="DAT" ind1="2" ind2=" "><subfield code="a">2015-10-10T18:00:06Z</subfield></datafield><datafield tag="CAT" ind1=" " ind2=" "><subfield code="a">SDR-MIU</subfield><subfield code="d">EX LIBRIS - ALEPH</subfield><subfield code="l">prepare.pl-004-008</subfield></datafield><datafield tag="FMT" ind1=" " ind2=" "><subfield code="a">BK</subfield></datafield><datafield tag="HOL" ind1=" " ind2=" "><subfield code="0">sdr-miu006079766</subfield><subfield code="a">MiU</subfield><subfield code="b">SDR</subfield><subfield code="c">MIU</subfield><subfield code="p">mdp.39015079125038</subfield><subfield code="s">MIU</subfield><subfield code="1">006079766</subfield></datafield><datafield tag="974" ind1=" " ind2=" "><subfield code="b">MIU</subfield><subfield code="c">MIU</subfield><subfield code="d">20190719</subfield><subfield code="s">lit-dlps-dc</subfield><subfield code="u">mdp.39015079125038</subfield><subfield code="y">1610</subfield><subfield code="r">pd</subfield><subfield code="q">bib</subfield><subfield code="t">non-US bib date1 &lt; 1879</subfield></datafield></record></collection>